% publications.bib
% Last reviewed: 9 Oct 2024 by Sina Abdipoor
% All publications (in journals and proceedings) that result from the study undertaken by the student while under supervision and during their candidature, and for which the student is the first or principal author, should be listed clearly and accurately. These publications should not be used as references in the thesis. Students should check for the latest versions of different publications styles. Some systems, such as the American Psychological Association (APA) format, are frequently updated.
% TODO: Add your publications in bib format here.
@article{abdipoor2023meta,
  title={Meta-heuristic approaches for the university course timetabling problem},
  author={Abdipoor, Sina and Yaakob, Razali and Goh, Say Leng and Abdullah, Salwani},
  journal={Intelligent Systems with Applications},
  volume={19},
  pages={200253},
  year={2023},
  publisher={Elsevier}
}
@inproceedings{abdipoor2023international,
  title={International timetabling competition 2019: A systematic literature review},
  author={Abdipoor, Sina and Yaakob, Razali and Goh, Say Leng and Abdullah, Salwani and Kasmiran, Khairul Azhar and Hamdan, Hazlina},
  booktitle={2023 IEEE International Conference on Automatic Control and Intelligent Systems (I2CACIS)},
  pages={22--27},
  year={2023},
  organization={IEEE}
}